
@book{casella,
	address = {Australia ; Pacific Grove, CA},
	edition = {2nd},
	title = {Statistical inference},
	isbn = {978-0-534-24312-8},
	publisher = {Thomson Learning},
	author = {Casella, George and Berger, Roger L.},
	year = {2002},
	keywords = {Mathematical statistics, Probabilities}
}


@book{clinical_epidemiology,
	title = {Clinical Epidemiology: The Essentials},
	author = {Fletcher, Robert H. and Fletcher, Suzanne W.},
	year =  {2005},
	edition =  {Fourth}
} 

@book{grimmett,
	edition = {3rd},
	title = {Probability and random processes},
	isbn = {978-0-19-857223-7 978-0-19-857222-0},
	publisher = {Oxford University Press},
	author = {Grimmett, Geoffrey and Stirzaker, David},
	year = {2001},
	keywords = {Probabilities, Stochastic processes}
}

@book{ross_first,
	address = {New York},
	title = {A first course in probability},
	isbn = {978-0-02-403880-7},
	publisher = {Macmillan},
	author = {Ross, Sheldon M.},
	year = {1976},
	keywords = {Probabilities}
}

@misc{significance_bayes, 
title={Bayes theorem and {C}ovid-19 testing},
author={Lewis, Michael A.},
year = {2020},
note = {\url{https://www.significancemagazine.com/science/660-bayes-theorem-and-covid-19-testing}}
}

@misc{stat_bayes,
	title= {Covid-19 test accuracy supplement: the math of {B}ayes' Theorem},
	author={Schnipper, Jeffrey L. and Sax, Paul E.},
	year = {2020},
	note = {\url{https://www.statnews.com/2020/08/20/covid-19-test-accuracy-supplement-the-math-of-bayes-theorem/}}
}

@misc{towards_data_science_covid,
	title={Covid-19, {B}ayes' theorem and taking probabilistic decisions},
	author={Ranjan, Archit},
	year = {2020},
	note={\url{https://towardsdatascience.com/covid-19-bayes-theorem-and-taking-data-driven-decisions-part-1-b61e2c2b3bea}}
}

@misc{casos_covid_nl,
	title = {Casos de {COVID} en {N}uevo {L}eón},
	author={{Gobierno del Estado de Nuevo León}},
	year = {2020}
	note={\url{https://www.nl.gob.mx/publicaciones/casos-de-covid-19-en-nuevo-leon}}
}

@misc{datos_nl,
	title = {Datos {N}uevo {L}eón},
	author={{Secretaría de Economía y Trabajo de Nuevo León}},
	year={2020},
	note={\url{http://datos.nl.gob.mx/}}
}

@misc{indicadores_nl,
	title={Monitoreo de Indicadores 
	Estatales de Salud para la  
	Reapertura Económica
	Semana 
	42
	(11 de Octubre 
	–
	17 de Octubre)},
	year = {2020},
	author={{Gobierno del Estado de Nuevo León}},
	note={\url{https://www.nl.gob.mx/presentacion-indicadoresymedidasdemitigacion-covid19-22-10-2020}}
}

@article{Good2020,
	doi = {10.1007/s11606-020-05918-8},
	url = {https://doi.org/10.1007/s11606-020-05918-8},
	year = {2020},
	month = {jun},
	publisher = {Springer Science and Business Media {LLC}},
	volume = {35},
	number = {8},
	pages = {2490--2491},
	author = {Chester B. Good and Inmaculada Hernandez and Kenneth Smith},
	title = {Interpreting {COVID}-19 Test Results: a {B}ayesian Approach},
	journal = {Journal of General Internal Medicine}
}

@article{Chan2020,
	doi = {10.1016/j.ajem.2020.06.054},
	url = {https://doi.org/10.1016/j.ajem.2020.06.054},
	year = {2020},
	month = {jun},
	publisher = {Elsevier {BV}},
	author = {Ming Chan, Gar},
	title = {Bayes' theorem,  {COVID}19,  and screening tests},
	journal = {The American Journal of Emergency Medicine}
}

 @article{West_Montori_Sampathkumar_2020, title={COVID-19 Testing}, volume={95}, ISSN={00256196}, DOI={10.1016/j.mayocp.2020.04.004}, number={6}, journal={Mayo Clinic Proceedings}, author={West, Colin P. and Montori, Victor M. and Sampathkumar, Priya}, year={2020}, month={Jun}, pages={1127–1129} }


@article{pointer,
	author = {Watson, Jessica and Whiting, Penny F},
	title = {Interpreting a covid-19 test result},
	doi = {10.1136/bmj.m1808},
	url = {https://www.bmj.com/content/bmj/369/bmj.m1808.full.pdf},
	year = {2020},
	month = {May},
	publisher = {{BMJ}},
	journal = {The {BMJ}},
}

@article{mmwr_weekly,
author={{CDC}},
title = {Current Trends Update: Serologic Testing for Antibody to Human Immunodeficiency Virus},
year = {1998},
month = {January},
journal = {MMWR},
publisher = {{CDC}},
note={\url{https://www.cdc.gov/mmwr/preview/mmwrhtml/00051681.htm}}
}

@misc{us_pop_clock,
author={{United States Census Bureau}},
title = {{U.S.} and World Population Clock},
year={2020},
note={\url{https://www.census.gov/popclock/}}
}

@misc{hiv_cdc,
	author={{CDC}},
	title = {{HIV} Basics. {B}asic statistics},
	year = {2020},
	publisher = {{CDC}},
	note={\url{https://www.cdc.gov/hiv/basics/statistics.html}}
}

@misc{flu_ridt_cdc,
author={{CDC}},
title= {Information for Clinicians on {Rapid Diagnostic Testing} for Influenza},
year = {2020},
publisher = {{CDC}},
note = {\url{https://www.cdc.gov/flu/professionals/diagnosis/rapidclin.htm#table2}}
}

@misc{flu_burden_cdc,
	author={{CDC}},
	title= {Diseas burden of influenza},
	year = {2020},
	publisher = {{CDC}},
	note = {\url{https://www.cdc.gov/flu/about/burden/index.html}}
}
