@Manual{R,
    title = {R: A Language and Environment for Statistical Computing}, 
    author = {{R Core Team}}, 
    organization = {R Foundation for Statistical Computing},
    address = {Vienna, Austria},
    year = {2020},
    url = {https://www.R-project.org/},
  }

@inproceedings{jupyter,
	title={Jupyter Notebooks---a publishing format for reproducible computational workflows},
	author={Kluyver, Thomas and Ragan-Kelley, Benjamin and P{\'e}rez, Fernando and Granger, Brian and Bussonnier, Matthias and Frederic, Jonathan and Kelley, Kyle and Hamrick, Jessica and Grout, Jason and Corlay, Sylvain and others},
	booktitle={Positioning and Power in Academic Publishing: Players, Agents and Agendas: Proceedings of the 20th International Conference on Electronic Publishing},
	pages={87},
	year={2016},
	organization={IOS Press}
}

@book{jungnickel,
	address = {Berlin ; New York},
	series = {Algorithms and computation in mathematics},
	title = {Graphs, networks, and algorithms},
	isbn = {978-3-540-63760-8},
	language = {eng},
	number = {v. 5},
	publisher = {Springer},
	author = {Jungnickel, D.},
	year = {1999},
	keywords = {Combinatorial optimization, Graph theory}
}

@book{antichrist,
	title = {The {Antichrist}},
	url = {http://www.gutenberg.org/files/19322/19322.txt},
	urldate = {2012-09-11},
	publisher = {Project Gutenberg},
	author = {Nietzsche, Friedrich},
	month = sep,
	year = {2006},
	note = "\url{http://www.gutenberg.org/files/19322/19322.txt}."
}