
@book{snell,
	title = {Introduction to {P}robability},
	author = {Grinstead, Charles M. and Snell, J. Laurie},
	year = {2006},
}


 @book{Casella_Berger_2002, place={Australiaâ€¯; Pacific Grove, CA}, edition={2nd}, title={Statistical inference}, ISBN={978-0-534-24312-8}, publisher={Thomson Learning}, author={Casella, George and Berger, Roger L.}, year={2002} }

@misc{Wolfram|Alpha ,
	author = {{Wolfram Research Inc.}},
	title = {Wolfram {A}lpha},
	url = {https://www.wolframalpha.com/},
	note = {Champaign, IL, 2019}
}

@book{lawler_2006, place={Boca Raton}, title={Introduction to Stochastic Processes}, edition={2nd}, publisher={Taylor and Francis/CRC Press}, author={Lawler, Gregory F.}, year={2006}}

@article{janson2014law,
	title={Law of large numbers for the {SIR} epidemic on a random graph with given degrees}, 
	author={Svante Janson and Malwina Luczak and Peter Windridge},
	year={2014},
	eprint={1308.5493},
	primaryClass={math.PR},
	url={https://arxiv.org/abs/1308.5493}
}

 @book{Liggett_2010, place={Providence, R.I}, series={Graduate studies in mathematics}, title={Continuous time Markov processes: an introduction}, ISBN={978-0-8218-4949-1}, publisher={American Mathematical Society}, author={Liggett, Thomas M.}, year={2010}, collection={Graduate studies in mathematics} }
 
 @Manual{R,
 	title = {R: A Language and Environment for Statistical Computing}, 
 	author = {{R Core Team}}, 
 	organization = {R Foundation for Statistical Computing},
 	address = {Vienna, Austria},
 	year = {2020},
 	url = {https://www.R-project.org/},
 }
 
 @inproceedings{jupyter,
 	title={Jupyter Notebooks---a publishing format for reproducible computational workflows},
 	author={Kluyver, Thomas and Ragan-Kelley, Benjamin and P{\'e}rez, Fernando and Granger, Brian and Bussonnier, Matthias and Frederic, Jonathan and Kelley, Kyle and Hamrick, Jessica and Grout, Jason and Corlay, Sylvain and others},
 	booktitle={Positioning and Power in Academic Publishing: Players, Agents and Agendas: Proceedings of the 20th International Conference on Electronic Publishing},
 	pages={87},
 	year={2016},
 	organization={IOS Press}
 }
