@Manual{R,
    title = {R: A Language and Environment for Statistical Computing}, 
    author = {{R Core Team}}, 
    organization = {R Foundation for Statistical Computing},
    address = {Vienna, Austria},
    year = {2020},
    url = {https://www.R-project.org/},
  }

@misc{inegi, 
	title={Transporte {U}rbano de {P}asajeros. {P}rincipales características del {S}istema de {T}ransporte {C}olectivo {M}etrorrey.},
	author={Instituto Nacional de Estadística y Geografía},
	note= "\url{https://www.inegi.org.mx/app/tabulados/?nc=100100049}",
	journal={Tabulados}, 
	publisher={Instituto Nacional de Estadística y Geografía (INEGI)}}

@inproceedings{jupyter,
	title={Jupyter Notebooks---a publishing format for reproducible computational workflows},
	author={Kluyver, Thomas and Ragan-Kelley, Benjamin and P{\'e}rez, Fernando and Granger, Brian and Bussonnier, Matthias and Frederic, Jonathan and Kelley, Kyle and Hamrick, Jessica and Grout, Jason and Corlay, Sylvain and others},
	booktitle={Positioning and Power in Academic Publishing: Players, Agents and Agendas: Proceedings of the 20th International Conference on Electronic Publishing},
	pages={87},
	year={2016},
	organization={IOS Press}
}

@misc{metro,
	title={{R}egistro {E}statal de {T}rámites y {S}ervicios. {M}etro},
	author={Gobierno de Nuevo León},
	note= "\url{http://retys.nl.gob.mx/servicios/metro}",
	publisher={Gobierno de Nuevo León}}

@article{zonasmetropolitanas,
	title={{D}elimitación de las {Z}onas {M}etropolitanas de {M}éxico 2015},
	author={Instituto Nacional de Estadística y Geografía},
	note= "\url{https://www.inegi.org.mx/app/biblioteca/ficha.html?upc=702825006792}",
	journal={Publicaciones}, year={2018}}

@article{violinplot,
	author = { Jerry L.   Hintze  and  Ray D.   Nelson },
	title = {Violin Plots: A Box Plot-Density Trace Synergism},
	journal = {The American Statistician},
	volume = {52},
	number = {2},
	pages = {181-184},
	year  = {1998},
	publisher = {Taylor & Francis},
	doi = {10.1080/00031305.1998.10480559},
	
	URL = { 
	https://www.tandfonline.com/doi/abs/10.1080/00031305.1998.10480559
	
	},
	eprint = { 
	https://www.tandfonline.com/doi/pdf/10.1080/00031305.1998.10480559
	
	}
	
}
