@Manual{R,
    title = {R: A Language and Environment for Statistical Computing}, 
    author = {{R Core Team}}, 
    organization = {R Foundation for Statistical Computing},
    address = {Vienna, Austria},
    year = {2020},
    url = {https://www.R-project.org/},
  }

@inproceedings{jupyter,
	title={Jupyter Notebooks---a publishing format for reproducible computational workflows},
	author={Kluyver, Thomas and Ragan-Kelley, Benjamin and P{\'e}rez, Fernando and Granger, Brian and Bussonnier, Matthias and Frederic, Jonathan and Kelley, Kyle and Hamrick, Jessica and Grout, Jason and Corlay, Sylvain and others},
	booktitle={Positioning and Power in Academic Publishing: Players, Agents and Agendas: Proceedings of the 20th International Conference on Electronic Publishing},
	pages={87},
	year={2016},
	organization={IOS Press}
}

@book{Casella_Berger_2002, 
	place={Australia ; Pacific Grove, CA}, 
	edition={2nd},
	 title={Statistical inference},
	  ISBN={978-0-534-24312-8}, 
	  publisher={Thomson Learning}, 
	  author={Casella, George and Berger, Roger L.}, 
	  year={2002} }
  
@book{Ross_2000, 
	place={San Diego}, 
	edition={7th}, 
	title={Introduction to probability models},
	 ISBN={978-0-12-598475-1}, 
	 publisher={Harcourt/Academic Press},
	  author={Ross, Sheldon M.}, 
	  year={2000} }

@book{Ross_1976,
 	 place={New York}, 
 	 title={A first course in probability}, 
 	 ISBN={978-0-02-403880-7},
 	  publisher={Macmillan}, 
 	  author={Ross, Sheldon M.},
 	   year={1976} }


@book{Ross_2006, 
	place={Amsterdam ; Boston},
	 edition={4th}, 
	 title={Simulation},
	  ISBN={978-0-12-598063-0},
	   publisher={Elsevier Academic Press}, 
	   author={Ross, Sheldon M.}, 
	   year={2006} }

 @book{Ross_2010,
 	 place={Burlington, MA}, 
 	 edition={3rd},
 	  title={Introductory statistics}, 
 	  ISBN={978-0-12-374388-6}, 
 	  publisher={Academic Press/Elsevier},
 	   author={Ross, Sheldon M.}, 
 	   year={2010} }
    
@book{Navarro, title={Learning statistics with R},
	 note="\url{https://learningstatisticswithr.com/}", author={Navarro, Danielle} }
  
 @book{Lane_online,
 title={Introduction to Statistics},
 edition={Online},
 author={Lane, David M., and Scott, David, and Hebl, Mikki, and Guerra, Rudy, and Osherson, Dan, and Zimmer, Heidi},
 note="\url{http://onlinestatbook.com/Online_Statistics_Education.pdf}"
}

@misc{inegi, 
	title={Total nacional de vehículos. {V}ehículos de motor registrados en circulación},
	author={{Instituto Nacional de Estadística y Geografía}},
	note= "\url{https://www.inegi.org.mx/temas/vehiculos/}",
	publisher={Instituto Nacional de Estadística y Geografía (INEGI)}}

 @book{Spiegel, place={México}, title={Estadística}, ISBN={978-970-10-0047-2}, publisher={McGraw-Hill}, author={Spiegel, Murray R and Hernández Heredero, Rafael and Abellanas Rapun, Lorenzo}, year={1991} }
 
  @book{Everitt_2002, 
  	place={Cambridge, UK}, 
  	edition={2nd}, 
  	title={The Cambridge dictionary of statistics},
  	 ISBN={978-0-521-81099-9},
  	  publisher={Cambridge University Press}, author={Everitt, Brian}, year={2002} }
 
  @misc{idre_stats, 
  	title={Choosing the correct statistical test in {SAS}, {STATA}, {SPSS} and {R}}, url={https://stats.idre.ucla.edu/other/mult-pkg/whatstat/},
  	note="\url{https://stats.idre.ucla.edu/other/mult-pkg/whatstat/}"
  } 



