@article{schaub2020hierarchical,
	title={Hierarchical community structure in networks}, 
	author={Michael T. Schaub and Leto Peel},
	year={2020},
	url={https://arxiv.org/abs/2009.07196},
	eprint={2009.07196},
	archivePrefix={arXiv},
	primaryClass={cs.SI}
}


 @book{feller, author={William Feller},
	edition={2nd}, title={An introduction to probability theory and its applications. Vol {I}},
	publisher={John Wiley and Sons, Inc.}}

 @book{Casella_Berger_2002, place={Australiaâ€¯; Pacific Grove, CA}, edition={2nd}, title={Statistical inference}, ISBN={978-0-534-24312-8}, publisher={Thomson Learning}, author={Casella, George and Berger, Roger L.}, year={2002} }

@book{lawler_2006, place={Boca Raton}, title={Introduction to Stochastic Processes}, edition={2nd}, publisher={Taylor and Francis/CRC Press}, author={Lawler, Gregory F.}, year={2006}}

@article{janson2014law,
	title={Law of large numbers for the {SIR} epidemic on a random graph with given degrees}, 
	author={Svante Janson and Malwina Luczak and Peter Windridge},
	year={2014},
	eprint={1308.5493},
	primaryClass={math.PR},
	url={https://arxiv.org/abs/1308.5493}
}

 @book{Liggett_2010, place={Providence, R.I}, series={Graduate studies in mathematics}, title={Continuous time Markov processes: an introduction}, ISBN={978-0-8218-4949-1}, publisher={American Mathematical Society}, author={Liggett, Thomas M.}, year={2010}, collection={Graduate studies in mathematics} }
 
 @Manual{R,
 	title = {R: A Language and Environment for Statistical Computing}, 
 	author = {{R Core Team}}, 
 	organization = {R Foundation for Statistical Computing},
 	address = {Vienna, Austria},
 	year = {2020},
 	url = {https://www.R-project.org/},
 }
 
 @inproceedings{jupyter,
 	title={Jupyter Notebooks---a publishing format for reproducible computational workflows},
 	author={Kluyver, Thomas and Ragan-Kelley, Benjamin and P{\'e}rez, Fernando and Granger, Brian and Bussonnier, Matthias and Frederic, Jonathan and Kelley, Kyle and Hamrick, Jessica and Grout, Jason and Corlay, Sylvain and others},
 	booktitle={Positioning and Power in Academic Publishing: Players, Agents and Agendas: Proceedings of the 20th International Conference on Electronic Publishing},
 	pages={87},
 	year={2016},
 	organization={IOS Press}
 }

 @book{Ross_2000, place={San Diego}, edition={7th ed}, title={Introduction to probability models}, ISBN={978-0-12-598475-1}, publisher={Harcourt/Academic Press}, author={Ross, Sheldon M.}, year={2000} }

@article{ball2018central,
	title={Central limit theorems for {SIR} epidemics and percolation on configuration model random graphs}, 
	author={Frank Ball},
	year={2018},
	url={https://arxiv.org/abs/1812.03105v1}
}

 @book{Newman_2018, title={Networks}, volume={1}, ISBN={978-0-19-880509-0}, url={https://oxford.universitypressscholarship.com/view/10.1093/oso/9780198805090.001.0001/oso-9780198805090}, DOI={10.1093/oso/9780198805090.001.0001}, author={Newman, Mark}, year={2018}, month={Oct} }
