
@book{snell,
	title = {Introduction to {P}robability},
	author = {Grinstead, Charles M. and Snell, J. Laurie},
	year = {2006},
}


 @book{Casella_Berger_2002, place={Australiaâ€¯; Pacific Grove, CA}, edition={2nd}, title={Statistical inference}, ISBN={978-0-534-24312-8}, publisher={Thomson Learning}, author={Casella, George and Berger, Roger L.}, year={2002} }

@misc{Wolfram|Alpha ,
	author = {{Wolfram Research Inc.}},
	title = {Wolfram {A}lpha},
	url = {https://www.wolframalpha.com/},
	note = {Champaign, IL, 2019}
}