
@book{snell,
	title = {Introduction to {P}robability},
	author = {Grinstead, Charles M. and Snell, J. Laurie},
	year = {2006},
}

