@Manual{R,
    title = {R: A Language and Environment for Statistical Computing}, 
    author = {{R Core Team}}, 
    organization = {R Foundation for Statistical Computing},
    address = {Vienna, Austria},
    year = {2020},
    url = {https://www.R-project.org/},
  }

@inproceedings{jupyter,
	title={Jupyter Notebooks---a publishing format for reproducible computational workflows},
	author={Kluyver, Thomas and Ragan-Kelley, Benjamin and P{\'e}rez, Fernando and Granger, Brian and Bussonnier, Matthias and Frederic, Jonathan and Kelley, Kyle and Hamrick, Jessica and Grout, Jason and Corlay, Sylvain and others},
	booktitle={Positioning and Power in Academic Publishing: Players, Agents and Agendas: Proceedings of the 20th International Conference on Electronic Publishing},
	pages={87},
	year={2016},
	organization={IOS Press}
}

@book{jungnickel,
	address = {Berlin ; New York},
	series = {Algorithms and computation in mathematics},
	title = {Graphs, networks, and algorithms},
	isbn = {978-3-540-63760-8},
	language = {eng},
	number = {v. 5},
	publisher = {Springer},
	author = {Jungnickel, D.},
	year = {1999},
	keywords = {Combinatorial optimization, Graph theory}
}

@book{antichrist,
	title = {The {Antichrist}},
	url = {http://www.gutenberg.org/files/19322/19322.txt},
	urldate = {2012-09-11},
	publisher = {Project Gutenberg},
	author = {Nietzsche, Friedrich},
	month = sep,
	year = {2006},
	note = "\url{http://www.gutenberg.org/files/19322/19322.txt}."
}
	
@book{newman, 
title={Networks},
 volume={1}, 
 ISBN={978-0-19-880509-0},
 DOI={10.1093/oso/9780198805090.001.0001},
 publisher={Oxford University Press},
  author={Newman, Mark}, 
  year={2018}, 
  month={Oct} 
	}

@book{Casella_Berger_2002, 
	place={Australia ; Pacific Grove, CA}, 
	edition={2nd ed},
	 title={Statistical inference},
	  ISBN={978-0-534-24312-8}, 
	  publisher={Thomson Learning}, 
	  author={Casella, George and Berger, Roger L.}, 
	  year={2002} }
  
@book{Ross_2000, 
	place={San Diego}, 
	edition={7th}, 
	title={Introduction to probability models},
	 ISBN={978-0-12-598475-1}, 
	 publisher={Harcourt/Academic Press},
	  author={Ross, Sheldon M.}, 
	  year={2000} }

@book{Ross_1976,
 	 place={New York}, 
 	 title={A first course in probability}, 
 	 ISBN={978-0-02-403880-7},
 	  publisher={Macmillan}, 
 	  author={Ross, Sheldon M.},
 	   year={1976} }
    
 @book{Knuth_1997,
 	 place={Reading, Mass},
 	  edition={3rd}, 
 	  title={The art of computer programming}, 
 	  volume={2}, 
 	  ISBN={978-0-201-89684-8}, 
 	  publisher={Addison-Wesley},
 	   author={Knuth, Donald Ervin},
 	    year={1997} }
     
@article{Hull_Dobell_1962,
	ISSN = {00361445},
	URL = {http://www.jstor.org/stable/2027716},
	author = {T. E. Hull and A. R. Dobell},
	journal = {SIAM Review},
	number = {3},
	pages = {230--254},
	publisher = {Society for Industrial and Applied Mathematics},
	title = {Random Number Generators},
	volume = {4},
	year = {1962}
}

@article{Wikramaratna_1989,
	 title={{ACORN}—A new method for generating sequences of uniformly distributed Pseudo-random Numbers}, 
	 volume={83}, 
	 ISSN={00219991},
	  DOI={10.1016/0021-9991(89)90221-0}, 
	  number={1}, 
	  journal={Journal of Computational Physics}, 
	  author={Wikramaratna, R.S.}, 
	  year={1989},
	  month={Jul},
	  pages={16–31} }

 @inproceedings{Blinov_Lemeshko_2014,
 	 place={Novosibirsk, Russia}, 
 	 title={A review of the properties of tests for uniformity},
 	  ISBN={978-1-4799-6020-0}, url={http://ieeexplore.ieee.org/document/7040743/},
 	   DOI={10.1109/APEIE.2014.7040743}, 
 	   booktitle={2014 12th International Conference on Actual Problems of Electronics Instrument Engineering (APEIE)}, 
 	   publisher={IEEE}, 
 	   author={Blinov, P.Yu. and Lemeshko, B.Yu.}, 
 	   year={2014}, 
 	   month={Oct}, 
 	   pages={540–547} }

@book{Ross_2006, 
	place={Amsterdam ; Boston},
	 edition={4th ed}, 
	 title={Simulation},
	  ISBN={978-0-12-598063-0},
	   publisher={Elsevier Academic Press}, 
	   author={Ross, Sheldon M.}, 
	   year={2006} }




