COMMUNITY DETECTION
@article{schaub2020hierarchical,
	title={Hierarchical community structure in networks}, 
	author={Michael T. Schaub and Leto Peel},
	year={2020},
	url={https://arxiv.org/abs/2009.07196},
	eprint={2009.07196},
	archivePrefix={arXiv},
	primaryClass={cs.SI}
}

 @article{Lambiotte_Delvenne_Barahona_2014, title={Random Walks, Markov Processes and the Multiscale Modular Organization of Complex Networks}, volume={1}, ISSN={2327-4697}, DOI={10.1109/TNSE.2015.2391998}, note={arXiv: 1502.04381}, number={2}, journal={IEEE Transactions on Network Science and Engineering}, author={Lambiotte, Renaud and Delvenne, Jean-Charles and Barahona, Mauricio}, year={2014}, month={Jul}, pages={76–90} }
 
  @article{Alamgir_2010, title={Multi-agent Random Walks for Local Clustering on Graphs}, url={http://ieeexplore.ieee.org/document/5693955/}, DOI={10.1109/ICDM.2010.87}, publisher={IEEE}, author={Alamgir, Morteza and von Luxburg, Ulrike}, year={2010}, month={Dec}, pages={18–27} }

@article{Pons_Latapy_2005, title={Computing communities in large networks using random walks (long version)}, url={http://arxiv.org/abs/physics/0512106}, note={arXiv: physics/0512106}, journal={arXiv:physics/0512106}, author={Pons, Pascal and Latapy, Matthieu}, year={2005}, month={Dec} }

@article{Zhang_Kong_Yang_Chen_Zhang_2018, title={Hierarchical community detection based on partial matrix convergence using random walks}, volume={23}, ISSN={1007-0214}, DOI={10.26599/TST.2018.9010053}, number={1}, journal={Tsinghua Science and Technology}, author={Zhang, Wei and Kong, Feng and Yang, Liming and Chen, Yunfang and Zhang, Mengyuan}, year={2018}, month={Feb}, pages={35–46} }


RANDOM GRAPHS
 @book{Bollobás_2001, place={Cambridge ; New York}, edition={2nd ed}, series={Cambridge studies in advanced mathematics}, title={Random graphs}, ISBN={978-0-521-80920-7}, publisher={Cambridge University Press}, author={Bollobás, Béla}, year={2001}, collection={Cambridge studies in advanced mathematics} }
 
 @book{Newman_2018, title={Networks}, volume={1}, ISBN={978-0-19-880509-0}, url={https://oxford.universitypressscholarship.com/view/10.1093/oso/9780198805090.001.0001/oso-9780198805090}, DOI={10.1093/oso/9780198805090.001.0001}, author={Newman, Mark}, year={2018}, month={Oct} }
 

EPIDEMIC MODELLING
@article{Britton_2010, title={Stochastic epidemic models: A survey}, volume={225}, ISSN={00255564}, DOI={10.1016/j.mbs.2010.01.006}, number={1}, journal={Mathematical Biosciences}, author={Britton, Tom}, year={2010}, month={May}, pages={24–35} }

@article{Britton_2019, title={Epidemic models on social networks -- with inference}, url={http://arxiv.org/abs/1908.05517},  author={Britton, Tom}, year={2019}, month={Aug} }

STOCK MARKET
 @article{Godfrey_Granger_Morgenstern_1964, title={THE RANDOM-WALK HYPOTHESIS OF STOCK MARKET BEHAVIOR}, volume={17}, ISSN={0023-5962, 1467-6435}, DOI={10.1111/j.1467-6435.1964.tb02458.x}, number={1}, journal={Kyklos}, author={Godfrey, Michael D. and Granger, Clive W. J. and Morgenstern, Oskar}, year={1964}, month={Feb}, pages={1–30} }

@misc{dunbar_models_stock,
	author       = {Steven R. Dunbar},
	title        = {Stochastic Pocesses and Advanced Mathematical Finance. {M}odels of Stock Market Prices.},
	howpublished = {\url{https://www.math.unl.edu/~sdunbar1/MathematicalFinance/Lessons/StochasticCalculus/StockMarketModel/stockmarketmodel.pdf}}
} 

DATA RESOURCES
@misc{snapnets,
	author       = {Jure Leskovec and Andrej Krevl},
	title        = {{SNAP Datasets}: {Stanford} Large Network Dataset Collection},
	howpublished = {\url{http://snap.stanford.edu/data}},
	month        = jun,
	year         = 2014
} 

