@Manual{R,
    title = {R: A Language and Environment for Statistical Computing}, 
    author = {{R Core Team}}, 
    organization = {R Foundation for Statistical Computing},
    address = {Vienna, Austria},
    year = {2020},
    url = {https://www.R-project.org/},
  }

@inproceedings{jupyter,
	title={Jupyter Notebooks---a publishing format for reproducible computational workflows},
	author={Kluyver, Thomas and Ragan-Kelley, Benjamin and P{\'e}rez, Fernando and Granger, Brian and Bussonnier, Matthias and Frederic, Jonathan and Kelley, Kyle and Hamrick, Jessica and Grout, Jason and Corlay, Sylvain and others},
	booktitle={Positioning and Power in Academic Publishing: Players, Agents and Agendas: Proceedings of the 20th International Conference on Electronic Publishing},
	pages={87},
	year={2016},
	organization={IOS Press}
}


	
@book{newman, 
title={Networks},
 volume={1}, 
 ISBN={978-0-19-880509-0},
 DOI={10.1093/oso/9780198805090.001.0001},
 publisher={Oxford University Press},
  author={Newman, Mark}, 
  year={2018}, 
  month={Oct} 
	}

@book{Casella_Berger_2002, 
	place={Australia ; Pacific Grove, CA}, 
	edition={2nd ed},
	 title={Statistical inference},
	  ISBN={978-0-534-24312-8}, 
	  publisher={Thomson Learning}, 
	  author={Casella, George and Berger, Roger L.}, 
	  year={2002} }
  
@book{Ross_2000, 
	place={San Diego}, 
	edition={7th}, 
	title={Introduction to probability models},
	 ISBN={978-0-12-598475-1}, 
	 publisher={Harcourt/Academic Press},
	  author={Ross, Sheldon M.}, 
	  year={2000} }

@book{Ross_1976,
 	 place={New York}, 
 	 title={A first course in probability}, 
 	 ISBN={978-0-02-403880-7},
 	  publisher={Macmillan}, 
 	  author={Ross, Sheldon M.},
 	   year={1976} }
    
 @book{Knuth_1997,
 	 place={Reading, Mass},
 	  edition={3rd}, 
 	  title={The art of computer programming}, 
 	  volume={2}, 
 	  ISBN={978-0-201-89684-8}, 
 	  publisher={Addison-Wesley},
 	   author={Knuth, Donald Ervin},
 	    year={1997} }


@book{Ross_2006, 
	place={Amsterdam ; Boston},
	 edition={4th ed}, 
	 title={Simulation},
	  ISBN={978-0-12-598063-0},
	   publisher={Elsevier Academic Press}, 
	   author={Ross, Sheldon M.}, 
	   year={2006} }

 @book{Ross_2010,
 	 place={Burlington, MA}, 
 	 edition={3rd},
 	  title={Introductory statistics}, 
 	  ISBN={978-0-12-374388-6}, 
 	  publisher={Academic Press/Elsevier},
 	   author={Ross, Sheldon M.}, 
 	   year={2010} }
    
@book{Navarro, title={Learning statistics with R}, note="\url{https://learningstatisticswithr.com/}", author={Navarro, Danielle} }
    

@misc{inegi, 
	title={Transporte {U}rbano de {P}asajeros. {P}rincipales características del sistema de transporte colectivo metro de la {C}iudad de {M}éxico.},
	author={{Instituto Nacional de Estadística y Geografía}},
	note= "\url{https://www.inegi.org.mx/app/tabulados/?nc=100100042}",
	journal={Tabulados}, 
	publisher={Instituto Nacional de Estadística y Geografía (INEGI)}}

 @book{Spiegel, place={México}, title={Estadística}, ISBN={978-970-10-0047-2}, publisher={McGraw-Hill}, author={Spiegel, Murray R and Hernández Heredero, Rafael and Abellanas Rapun, Lorenzo}, year={1991} }
 
  @book{Everitt_2002, place={Cambridge, UK ; New York}, edition={2nd ed}, title={The Cambridge dictionary of statistics}, ISBN={978-0-521-81099-9}, publisher={Cambridge University Press}, author={Everitt, Brian}, year={2002} }
 
  @misc{idre_stats, 
  	title={Choosing the correct statistical test in {SAS}, {STATA}, {SPSS} and {R}}, url={https://stats.idre.ucla.edu/other/mult-pkg/whatstat/},
  	note="\url{https://stats.idre.ucla.edu/other/mult-pkg/whatstat/}"
  } 



