 @book{Andersson_Britton_2000, place={New York}, series={Lecture notes in statistics}, title={Stochastic epidemic models and their statistical analysis}, ISBN={978-0-387-95050-1}, publisher={Springer}, author={Andersson, Håkan and Britton, Tom}, year={2000}, collection={Lecture notes in statistics} }
 
 @book{Bailey_1975, place={London}, edition={2nd}, title={The mathematical theory of infectious diseases and its applications}, ISBN={978-0-85264-231-3}, publisher={Griffin}, author={Bailey, Norman T. J.}, year={1975} }
 
 @article{BERNOULLI_1760, title={Essai d’une nouvelle analyse de la mortalite causee par la petite verole, et des avantages de l’inoculation pour la prevenir}, journal={Histoire de l’Acad., Roy. Sci. (Paris) avec Mem}, publisher={Des Math. And Phis., Mem}, author={Bernoulli, D.}, year={1760}, pages={1–45} }
 
 @article{Britton_2010, title={Stochastic epidemic models: A survey}, volume={225}, ISSN={00255564}, DOI={10.1016/j.mbs.2010.01.006}, number={1}, journal={Mathematical Biosciences}, author={Britton, Tom}, year={2010}, month={May}, pages={24–35} }
 
 @article{Hoertel_Blachier_Blanco_Olfson_Massetti_Rico_Limosin_Leleu_2020, title={A stochastic agent-based model of the SARS-CoV-2 epidemic in France}, volume={26}, ISSN={1078-8956, 1546-170X}, DOI={10.1038/s41591-020-1001-6}, number={9}, journal={Nature Medicine}, author={Hoertel, Nicolas and Blachier, Martin and Blanco, Carlos and Olfson, Mark and Massetti, Marc and Rico, Marina Sánchez and Limosin, Frédéric and Leleu, Henri}, year={2020}, month={Sep}, pages={1417–1421} }
 
 @article{Mei_Mohagheghi_Zampieri_Bullo_2017, title={On the dynamics of deterministic epidemic propagation over networks}, volume={44}, ISSN={13675788}, DOI={10.1016/j.arcontrol.2017.09.002}, journal={Annual Reviews in Control}, author={Mei, Wenjun and Mohagheghi, Shadi and Zampieri, Sandro and Bullo, Francesco}, year={2017}, pages={116–128} }
 
 @book{Ross_1910, title={The Prevention of Malaria}, url={https://books.google.com.mx/books?id=0jRaWNX–s0C}, publisher={J. Murray}, author={Ross, R.}, year={1910} }
 
  @book{Bjørnstad_2018, place={New York, NY}, title={Epidemics: models and data with R}, ISBN={978-3-319-97486-6}, publisher={Springer Science+Business Media}, author={Bjørnstad, Ottar N.}, year={2018} }
  
 @article{Kermack_McKendrick_1927, title={A contribution to the mathematical theory of epidemics}, volume={115}, ISSN={0950-1207, 2053-9150}, DOI={10.1098/rspa.1927.0118}, author={Kermack, William O. and McKendrick, A. G.}, year={1927}, month={Aug}, pages={700–721} }
 
  @book{Frauenthal_1980, place={Berlin}, series={Universitext}, title={Mathematical modeling in epidemiology}, ISBN={978-3-540-10328-8}, publisher={Springer}, author={Frauenthal, James C.}, year={1980}, collection={Universitext} }
 
  @book{Brauer_Van_den_Driessche_Wu_Allen_2008, place={Berlin}, series={Mathematical biosciences subseries}, title={Mathematical epidemiology}, ISBN={978-3-540-78910-9}, publisher={Springer}, year={2008}, collection={Mathematical biosciences subseries} }
 
  @book{Brauer_Castillo-Chavez-2012, place={New York}, edition={2nd}, series={Texts in applied mathematics}, title={Mathematical models in population biology and epidemiology}, ISBN={978-1-4614-1685-2}, publisher={Springer}, author={Brauer, Fred and Castillo-Chávez, Carlos}, year={2012}, collection={Texts in applied mathematics} }
 
  @article{Hethcote_2000, title={The Mathematics of Infectious Diseases}, volume={42}, ISSN={0036-1445, 1095-7200}, DOI={10.1137/S0036144500371907}, number={4}, journal={SIAM Review}, author={Hethcote, Herbert W.}, year={2000}, month={Jan}, pages={599–653} }
 
  @article{Trapman_Bootsma_2009, title={A useful relationship between epidemiology and queueing theory: The distribution of the number of infectives at the moment of the first detection}, volume={219}, ISSN={00255564}, DOI={10.1016/j.mbs.2009.02.001}, number={1}, journal={Mathematical Biosciences}, author={Trapman, Pieter and Bootsma, Martinus Christoffel Jozef}, year={2009}, month={May}, pages={15–22} }
 
  @article{Kenah_Miller_2011, title={Epidemic Percolation Networks, Epidemic Outcomes, and Interventions}, volume={2011}, ISSN={1687-708X, 1687-7098}, DOI={10.1155/2011/543520}, journal={Interdisciplinary Perspectives on Infectious Diseases}, author={Kenah, Eben and Miller, Joel C.}, year={2011}, pages={1–13} }
 
  @article{Ball_1983, title={The threshold behaviour of epidemic models}, volume={20}, ISSN={0021-9002, 1475-6072}, DOI={10.2307/3213797}, number={2}, journal={Journal of Applied Probability}, author={Ball, Frank}, year={1983}, month={Jun}, pages={227–241} }
 
 @article{Bartlett_1949, title={Some Evolutionary Stochastic Processes}, volume={11}, ISSN={00359246}, DOI={10.1111/j.2517-6161.1949.tb00031.x}, number={2}, journal={Journal of the Royal Statistical Society: Series B (Methodological)}, author={Bartlett, M. S.}, year={1949}, month={Jul}, pages={211–229} }
 
 @article{Scalia-Tomba_1985, title={Asymptotic final-size distribution for some chain-binomial processes}, volume={17}, ISSN={0001-8678, 1475-6064}, DOI={10.2307/1427116}, number={3}, journal={Advances in Applied Probability}, author={Scalia-Tomba, Gianpaolo}, year={1985}, month={Sep}, pages={477–495} }
 
 @inproceedings{Scalia-Tomba_1990, place={Berlin, Heidelberg}, title={On the asymptotic final size distribution of epidemics in heterogeneous populations}, ISBN={978-3-662-10067-7}, booktitle={Stochastic Processes in Epidemic Theory}, publisher={Springer Berlin Heidelberg}, author={Scalia-Tomba, Gianpaolo}, editor={Gabriel, Jean-Pierre and Lefèvre, Claude and Picard, Philippe}, year={1990}, pages={189–196} }
 
  @article{VonBahr, title={Threshold limit theorems for some epidemic processes}, volume={12}, ISSN={0001-8678, 1475-6064}, DOI={10.2307/1426600}, number={2}, journal={Advances in Applied Probability}, author={Von Bahr, Bengt and Martin-Löf, Anders}, year={1980}, month={Jun}, pages={319–349} }
 
@misc{Deijfen_2011,
	title={Epidemics and vaccination on weighted graphs}, 
	author={Maria Deijfen},
	year={2011},
	eprint={1101.4154},
	archivePrefix={arXiv},
	primaryClass={math.PR},
	note={arXiv:1101.4154}
}

@misc{Britton_2019,
	title={Epidemic models on social networks -- with inference}, 
	author={Tom Britton},
	year={2019},
	eprint={1908.05517},
	archivePrefix={arXiv},
	primaryClass={q-bio.PE},
	note={arXiv:1908.05517}
}

 
  @article{Fransson_Trapman_2019, title={SIR epidemics and vaccination on random graphs with clustering}, volume={78}, ISSN={0303-6812, 1432-1416}, DOI={10.1007/s00285-019-01347-2}, number={7}, journal={Journal of Mathematical Biology}, author={Fransson, Carolina and Trapman, Pieter}, year={2019}, month={Jun}, pages={2369–2398} }
  
 @book{Kiss_Miller_Simon_2017, edition={1st}, series={Interdisciplinary Applied Mathematics}, title={Mathematics of Epidemics on Networks: From Exact to Approximate Models}, ISBN={978-3-319-50806-1}, DOI={10.1007/978-3-319-50806-1}, publisher={Springer International}, author={Kiss, István Z. and Miller, Joel C. and Simon, Péter L.}, year={2017}, collection={Interdisciplinary Applied Mathematics} }
 
 @article{Ottaviano_Bonaccorsi_2019, title={Some aspects of the Markovian SIRS epidemics on networks and its mean-field approximation}, url={http://arxiv.org/abs/1912.11287}, note={arXiv: 1912.11287}, journal={arXiv:1912.11287 [math, q-bio]}, author={Ottaviano, Stefania and Bonaccorsi, Stefano}, year={2019}, month={Dec} }
 
 @article{Pastor-Satorras-survey, title={Epidemic processes in complex networks}, volume={87}, ISSN={0034-6861, 1539-0756}, DOI={10.1103/RevModPhys.87.925}, number={3}, journal={Reviews of Modern Physics}, author={Pastor-Satorras, Romualdo and Castellano, Claudio and Van Mieghem, Piet and Vespignani, Alessandro}, year={2015}, month={Aug}, pages={925–979} }
 
  @book{Newman_2018, title={Networks}, volume={1}, ISBN={978-0-19-880509-0}, url={https://oxford.universitypressscholarship.com/view/10.1093/oso/9780198805090.001.0001/oso-9780198805090}, DOI={10.1093/oso/9780198805090.001.0001},publisher={Oxford University Press}, author={Newman, Mark}, year={2018}, month={Oct} }
 
  @misc{Drake_Rohani, title={Stochastic Models}, url={https://daphnia.ecology.uga.edu/drakelab/wp-content/uploads/2016/07/sismid-stochastic-lecture.pdf}, author={Drake, John M. and Rohani, Pejman},
  note={\url{https://daphnia.ecology.uga.edu/drakelab/wp-content/uploads/2016/07/sismid-stochastic-lecture.pdf}} }
  
 @article{Viceconte_Petrosillo_2020, title={COVID-19 R0: Magic number or conundrum?}, volume={12}, ISSN={2036-7449, 2036-7430}, url={https://www.pagepress.org/journals/index.php/idr/article/view/8516}, DOI={10.4081/idr.2020.8516},  number={1}, journal={Infectious Disease Reports}, author={Viceconte, Giulio and Petrosillo, Nicola}, year={2020}, month={Feb} }
 
 @misc{datos_covid,
 	 title={Covid-19 {M}éxico}, 
 	 author={{Gobierno de {M}éxico}},
 	 note={\url{https://datos.covid-19.conacyt.mx/\#DownZCSV}}
 	}
 
 @book{lawler_2006, place={Boca Raton}, title={Introduction to Stochastic Processes}, edition={2nd}, publisher={Taylor and Francis/CRC Press}, author={Lawler, Gregory F.}, year={2006}}
 
 @article{Liu_Gayle_2020, title={The reproductive number of COVID-19 is higher compared to SARS coronavirus}, volume={27}, ISSN={1708-8305}, DOI={10.1093/jtm/taaa021}, number={2}, journal={Journal of Travel Medicine}, author={Liu, Ying and Gayle, Albert A and Wilder-Smith, Annelies and Rocklöv, Joacim}, year={2020}, month={Mar} }
 
 
