  @book{Herstein_1975, place={Lexington, Mass}, edition={2nd}, title={Topics in algebra}, ISBN={978-0-536-01090-2}, publisher={Xerox College Pub}, author={Herstein, I. N.}, year={1975} }
 

@book{Steinberg_2012, place={New York}, series={Universitext}, title={Representation theory of finite groups: an introductory approach}, ISBN={978-1-4614-0775-1}, publisher={Springer}, author={Steinberg, Benjamin}, year={2012}, collection={Universitext} }


@misc{snapnets,
	author       = {Jure Leskovec and Andrej Krevl},
	title        = {{SNAP Datasets}: {Stanford} Large Network Dataset Collection},
	howpublished = {\url{http://snap.stanford.edu/data}},
	month        = jun,
	year         = 2014
}

 @book{Newman_2018, title={Networks}, volume={1}, ISBN={978-0-19-880509-0}, url={https://oxford.universitypressscholarship.com/view/10.1093/oso/9780198805090.001.0001/oso-9780198805090}, DOI={10.1093/oso/9780198805090.001.0001}, publisher={Oxford University Press}, author={Newman, Mark}, year={2018}, month={Oct} }

@software{imagemagick,
	author = {{The ImageMagick Development Team}},
	title = {ImageMagick},
	url = {https://imagemagick.org},
	version = {7.0.10},
	date = {2020-06-12},
} 

@book{snell,
	title = {Introduction to {P}robability},
	author = {Grinstead, Charles M. and Snell, J. Laurie},
	year = {2006},
}

@Manual{R,
	title = {R: A Language and Environment for Statistical Computing}, 
	author = {{R Core Team}}, 
	organization = {R Foundation for Statistical Computing},
	address = {Vienna, Austria},
	year = {2020},
	url = {https://www.R-project.org/},
}

@inproceedings{jupyter,
	title={Jupyter Notebooks---a publishing format for reproducible computational workflows},
	author={Kluyver, Thomas and Ragan-Kelley, Benjamin and P{\'e}rez, Fernando and Granger, Brian and Bussonnier, Matthias and Frederic, Jonathan and Kelley, Kyle and Hamrick, Jessica and Grout, Jason and Corlay, Sylvain and others},
	booktitle={Positioning and Power in Academic Publishing: Players, Agents and Agendas: Proceedings of the 20th International Conference on Electronic Publishing},
	pages={87},
	year={2016},
	organization={IOS Press}
}

 @book{Diaconis_1988, place={Hayward, Calif}, series={Lecture notes-monograph series}, title={Group representations in probability and statistics}, ISBN={978-0-940600-14-0}, publisher={Institute of Mathematical Statistics}, author={Diaconis, Persi}, year={1988}, collection={Lecture notes-monograph series} }
